@article{Kadambi:2016,
 author = {Kadambi, Achuta and Zhao, Hang and  Shi, Boxin and Raskar, Ramesh },
 title = {{Occluded Imaging with ToF Sensors}},
 journal = {ACM TOG},
 issue_date = {},
 volume = {},
 number = {},
 year = {2015},
 issn = {},
 pages = {},
 articleno = {},
 numpages = {},
 publisher = {ACM},
} 