@inproceedings{ilprints361,
       booktitle = {Seventh International World-Wide Web Conference (WWW 1998)},
           title = {The Anatomy of a Large-Scale Hypertextual Web Search Engine},
          author = {S. Brin and L. Page},
            year = {1998},
             url = {http://ilpubs.stanford.edu:8090/361/},
}

@article{jian2014design,
  title={Design and Implementation of A Focused Crawler—TargetCrawler},
  author={Jian, Feng and Jing-zhou, Chen and Lei, Cao},
  journal={International Journal of Grid and Distributed Computing},
  volume={7},
  number={4},
  pages={149--156},
  year={2014}
}

@article{Merkel:2014:DLL:2600239.2600241,
 author = {Merkel, Dirk},
 title = {Docker: Lightweight Linux Containers for Consistent Development and Deployment},
 journal = {Linux J.},
 issue_date = {March 2014},
 volume = {2014},
 number = {239},
 month = mar,
 year = {2014},
 issn = {1075-3583},
 articleno = {2},
 url = {http://dl.acm.org/citation.cfm?id=2600239.2600241},
 acmid = {2600241},
 publisher = {Belltown Media},
 address = {Houston, TX},
}

@misc{mgray,
    author = "Matthew Gray",
    title  = "Measuring the Growth of the Web",
    year   = "1993",
    note    = {Disponível em: \url{http://www.mit.edu/people/mkgray/growth}. Acesso em: 06 mar. 2016}
}

@misc{github,
    author = "Github",
    title  = "About",
    year   = "2016",
    note = {Disponível em \url{https://github.com/about}. Acesso em: 06 mar. 2016.}
}

@misc{khanhicetea,
  author = {Khanh Nguyen},
  title = {distributed-webcrawler},
  year = {2015},
  publisher = {GitHub},
  journal = {GitHub repository},
  note = {Disponível em: \url{https://github.com/khanhicetea/distributed-webcrawler}. Acesso em: 06 mar. 2016.}
}