@BOOK{pe93,
   author = {{Peebles}, P.~J.~E.},
    title = "{Principles of Physical Cosmology}",
booktitle = {Principles of Physical Cosmology by P.J.E.~Peebles.~Princeton University Press, 1993.~ISBN: 978-0-691-01933-8},
     year = 1993,
   adsurl = {http://adsabs.harvard.edu/abs/1993ppc..book.....P},
  adsnote = {Provided by the SAO/NASA Astrophysics Data System}
}

@ARTICLE{sc04,
   author = {{Scoccimarro}, R.},
    title = "{Redshift-space distortions, pairwise velocities, and nonlinearities}",
  journal = {\prd},
   eprint = {astro-ph/0407214},
 keywords = {Distances redshifts radial velocities, spatial distribution of galaxies, Superclusters, large-scale structure of the Universe},
     year = 2004,
    month = oct,
   volume = 70,
   number = 8,
      eid = {083007},
    pages = {083007},
      doi = {10.1103/PhysRevD.70.083007},
   adsurl = {http://adsabs.harvard.edu/abs/2004PhRvD..70h3007S},
  adsnote = {Provided by the SAO/NASA Astrophysics Data System}
}

@ARTICLE{fi95,
   author = {{Fisher}, K.~B.},
    title = "{On the Validity of the Streaming Model for the Redshift-Space Correlation Function in the Linear Regime}",
  journal = {\apj},
   eprint = {astro-ph/9412081},
 keywords = {COSMOLOGY: LARGE-SCALE STRUCTURE OF UNIVERSE, COSMOLOGY: THEORY, GALAXIES: DISTANCES AND REDSHIFTS},
     year = 1995,
    month = aug,
   volume = 448,
    pages = {494},
      doi = {10.1086/175980},
   adsurl = {http://adsabs.harvard.edu/abs/1995ApJ...448..494F},
  adsnote = {Provided by the SAO/NASA Astrophysics Data System}
}


@ARTICLE{ls93,
   author = {{Landy}, S.~D. and {Szalay}, A.~S.},
    title = "{Bias and variance of angular correlation functions}",
  journal = {\apj},
 keywords = {Angular Correlation, Bias, Computational Astrophysics, Galactic Clusters, Variance, Correlation Coefficients, Monte Carlo Method, Random Variables},
     year = 1993,
    month = jul,
   volume = 412,
    pages = {64-71},
      doi = {10.1086/172900},
   adsurl = {http://adsabs.harvard.edu/abs/1993ApJ...412...64L},
  adsnote = {Provided by the SAO/NASA Astrophysics Data System}
}

@ARTICLE{uh15,
	author = {{Uhlemann}, C. and {Kopp}, M. and {Haugg}, T.},
	title = "{Edgeworth streaming model for redshift space distortions}",
	journal = {\prd},
	archivePrefix = "arXiv",
	eprint = {1503.08837},
	keywords = {Galaxy groups clusters and superclusters, large scale structure of the Universe, Dark matter, Superclusters, large-scale structure of the Universe, Cosmology},
	year = 2015,
	month = sep,
	volume = 92,
	number = 6,
	eid = {063004},
	pages = {063004},
	doi = {10.1103/PhysRevD.92.063004},
	adsurl = {http://adsabs.harvard.edu/abs/2015PhRvD..92f3004U},
	adsnote = {Provided by the SAO/NASA Astrophysics Data System}
}

@ARTICLE{bi2,
	author = {{Bianchi}, D. and {Percival}, W.~J. and {Bel}, J.},
	title = "{Improving the modelling of redshift-space distortions- II. A pairwise velocity model covering large and small scales}",
	journal = {\mnras},
	archivePrefix = "arXiv",
	eprint = {1602.02780},
	keywords = {cosmology: theory, dark energy, large-scale structure of Universe},
	year = 2016,
	month = dec,
	volume = 463,
	pages = {3783-3798},
	doi = {10.1093/mnras/stw2243},
	adsurl = {http://adsabs.harvard.edu/abs/2016MNRAS.463.3783B},
	adsnote = {Provided by the SAO/NASA Astrophysics Data System}
}
